<?xml version="1.0" encoding="UTF-8"?><collection xmlns="http://www.loc.gov/MARC21/slim"><record><leader>00495nam--2200157-i-4500</leader><controlfield tag="001">000035532</controlfield><controlfield tag="002">20161230</controlfield><controlfield tag="005">20161230201040</controlfield><controlfield tag="008">060222s1000------------r-----000-0-eng-d</controlfield><datafield ind1=" " ind2=" " tag="080"><subfield code="a">516.1/4</subfield></datafield><datafield ind1=" " ind2=" " tag="100"><subfield code="a">Myklestad, Nils O</subfield></datafield><datafield ind1=" " ind2=" " tag="245"><subfield code="a">Cartesian tensors. the mathematical language of engineering</subfield></datafield><datafield ind1=" " ind2=" " tag="260"><subfield code="a">Princeton, New Jersey, D.Vn Nostrand Co.Inc. 1967, Viii + 141p</subfield></datafield><datafield ind1=" " ind2=" " tag="490"><subfield code="a">University Series In Applied Mathematics</subfield></datafield><datafield ind1=" " ind2=" " tag="852"><subfield code="a">28687</subfield><subfield code="c">512.94:512.972</subfield></datafield><datafield ind1=" " ind2=" " tag="CAT"><subfield code="a">Sys</subfield><subfield code="c">20080526</subfield><subfield code="h">115507</subfield></datafield></record></collection>